<?xml version="1.0" encoding="utf-8"?>
<record xmlns="http://www.loc.gov/MARC21/slim" xmlns:xsi="http://www.w3.org/2001/XMLSchema-instance" xsi:schemaLocation="http://www.loc.gov/MARC21/slim http://www.loc.gov/standards/marcxml/schema/MARC21slim.xsd">
	<leader>     nam a22        4500</leader>
	<controlfield tag="001">3082654</controlfield>
	<controlfield tag="003">NNC</controlfield>
	<controlfield tag="006">m        d        </controlfield>
	<controlfield tag="007">cr cn |||m|||a</controlfield>
	<controlfield tag="008">150603s1946    ua      o     000 0 arard</controlfield>
	<datafield ind1=" " ind2=" " tag="040">
		<subfield code="a">NNU</subfield>
		<subfield code="b">eng</subfield>
		<subfield code="e">rda</subfield>
		<subfield code="c">NNU</subfield>
	</datafield>
	<datafield ind1=" " ind2="4" tag="050">
		<subfield code="a">BP80.I25</subfield>
		<subfield code="b">D43</subfield>
	</datafield>
	<datafield ind1="1" ind2=" " tag="100">
		<subfield code="6">880-01</subfield>
		<subfield code="a">Dhahabī, Muḥammad ibn Aḥmad,</subfield>
		<subfield code="d">1274-1348.</subfield>
	</datafield>
	<datafield ind1="1" ind2="0" tag="240">
		<subfield code="6">880-02</subfield>
		<subfield code="a">Tārikh al-Islām..</subfield>
		<subfield code="k">Selections</subfield>
	</datafield>
	<datafield ind1="1" ind2="0" tag="245">
		<subfield code="6">880-03</subfield>
		<subfield code="a">Tarjamat al-Imām Aḥmad 164-241 min Tārīkh al-Islām</subfield>
		<subfield code="c">lil-Ḥafīẓ al-Dhahabī ; taḥqīq Aḥmad Muḥammad Shākir.</subfield>
	</datafield>
	<datafield ind1=" " ind2=" " tag="260">
		<subfield code="6">880-04</subfield>
		<subfield code="a">[Cairo]</subfield>
		<subfield code="b">Dār al-Maʻārif lil-ṭibāʻah wa al-nashr,</subfield>
		<subfield code="c">1946.</subfield>
	</datafield>
	<datafield ind1=" " ind2=" " tag="336">
		<subfield code="a">text</subfield>
		<subfield code="2">rdacontent</subfield>
	</datafield>
	<datafield ind1=" " ind2=" " tag="337">
		<subfield code="a">computer</subfield>
		<subfield code="2">rdamedia</subfield>
	</datafield>
	<datafield ind1=" " ind2=" " tag="338">
		<subfield code="a">online resource</subfield>
		<subfield code="2">rdacarrier</subfield>
	</datafield>
	<datafield ind1=" " ind2=" " tag="500">
		<subfield code="a">Part of the Arabic Collections Online (ACO) project, contributed by Columbia University Libraries.</subfield>
	</datafield>
	<datafield ind1=" " ind2=" " tag="533">
		<subfield code="a">Electronic reproduction.</subfield>
		<subfield code="b">New York, N.Y. :</subfield>
		<subfield code="c">New York University,</subfield>
		<subfield code="d">2015.</subfield>
		<subfield code="5">NNU</subfield>
	</datafield>
	<datafield ind1="1" ind2="0" tag="600">
		<subfield code="6">880-05</subfield>
		<subfield code="a">Ibn Ḥanbal, Aḥmad ibn Muḥammad,</subfield>
		<subfield code="d">780-855.</subfield>
	</datafield>
	<datafield ind1="1" ind2="7" tag="600">
		<subfield code="a">Ibn Ḥanbal, Aḥmad ibn Muḥammad,</subfield>
		<subfield code="d">780-855</subfield>
		<subfield code="2">fast</subfield>
		<subfield code="0">(OCoLC)fst00098601</subfield>
	</datafield>
	<datafield ind1="1" ind2=" " tag="700">
		<subfield code="6">880-06</subfield>
		<subfield code="a">Shākir, Aḥmad Muḥammad.</subfield>
	</datafield>
	<datafield ind1="2" ind2=" " tag="710">
		<subfield code="a">Columbia University.</subfield>
		<subfield code="b">Libraries.</subfield>
	</datafield>
	<datafield ind1="0" ind2=" " tag="730">
		<subfield code="a">Arabic Collections Online.</subfield>
	</datafield>
	<datafield ind1="0" ind2="8" tag="776">
		<subfield code="i">Online version:</subfield>
		<subfield code="a">Dhahabī, Muḥammad ibn Aḥmad, 1274-1348.</subfield>
		<subfield code="t">Tarjamat al-Imām Aḥmad 164-241 min Tārīkh al-Islām.</subfield>
		<subfield code="d">[Cairo] Dār al-Maʻārif, 1946</subfield>
		<subfield code="w">(OCoLC)645159793</subfield>
	</datafield>
	<datafield ind1="0" ind2="8" tag="776">
		<subfield code="i">Print version:</subfield>
		<subfield code="a">Dhahabī, Muḥammad ibn Aḥmad, 1274-1348.</subfield>
		<subfield code="t">Tarjamat al-Imām Aḥmad 164-241 min Tārīkh al-Islām</subfield>
		<subfield code="w">(NNC)3082654</subfield>
		<subfield code="w">(OCoLC)18102992</subfield>
	</datafield>
	<datafield ind1="4" ind2="0" tag="856">
		<subfield code="u">http://hdl.handle.net/2333.1/f4qrfmm7</subfield>
	</datafield>
	<datafield ind1="1" ind2=" " tag="880">
		<subfield code="6">100-01/r</subfield>
		<subfield code="a">‏ذهبى، محمد بن أحمد،‏</subfield>
		<subfield code="d">‏1348-1274.</subfield>
	</datafield>
	<datafield ind1="1" ind2="0" tag="880">
		<subfield code="6">240-02/r</subfield>
		<subfield code="a">‏تاريخ الإسلام.‏.</subfield>
		<subfield code="k">‏مختارات</subfield>
	</datafield>
	<datafield ind1="1" ind2="0" tag="880">
		<subfield code="6">245-03/r</subfield>
		<subfield code="a">‏ترجمة الإمام أحمد 164-241 :‏</subfield>
		<subfield code="b">‏من تاريخ الإسلام /‏</subfield>
		<subfield code="c">‏للحافظ الذهبى ؛ تحقيق أحمد محمد شاكر.</subfield>
	</datafield>
	<datafield ind1=" " ind2=" " tag="880">
		<subfield code="6">260-04/r</subfield>
		<subfield code="a">‏[القاهرة] :‏</subfield>
		<subfield code="b">دار المعارف للطباعة و النشر،</subfield>
		<subfield code="c">1946.</subfield>
	</datafield>
	<datafield ind1="1" ind2="4" tag="880">
		<subfield code="6">600-05/r</subfield>
		<subfield code="a">‏ابن حنبل، أحمد بن محمد،‏,</subfield>
		<subfield code="d">‏855-780.</subfield>
	</datafield>
	<datafield ind1="1" ind2=" " tag="880">
		<subfield code="6">700-06/r</subfield>
		<subfield code="a">‏شاكر، أحمد محمد.</subfield>
	</datafield>
	<datafield ind1=" " ind2=" " tag="959">
		<subfield code="a">NNU</subfield>
		<subfield code="b">WEB</subfield>
		<subfield code="c">GENI</subfield>
		<subfield code="t">0</subfield>
		<subfield code="m">Electronic access</subfield>
		<subfield code="s">01</subfield>
	</datafield>
	<datafield ind1=" " ind2=" " tag="999">
		<subfield code="i">NNC_3082654</subfield>
		<subfield code="o">(OCoLC)ocm18102992</subfield>
		<subfield code="s">columbia_aco000570</subfield>
		<subfield code="e">(ERROR-880)</subfield>
		<subfield code="s">columbia_aco000570</subfield>
	</datafield>
</record>
